<?xml version="1.0" encoding="UTF-8"?><collection xmlns="http://www.loc.gov/MARC21/slim"><record><leader>00419nam--2200121-i-4500</leader><controlfield tag="001">000045007</controlfield><controlfield tag="002">20161230</controlfield><controlfield tag="005">20161230201044</controlfield><controlfield tag="008">060222s1000------------r-----000-0-eng-d</controlfield><datafield ind1=" " ind2=" " tag="100"><subfield code="a">Todt, Fritz</subfield></datafield><datafield ind1=" " ind2=" " tag="245"><subfield code="a">Elektrochemische sauerstoffmessungen. konzentrationsmessungen oxydierender und reduzierender stoffe durch galvanische modellelemente</subfield></datafield><datafield ind1=" " ind2=" " tag="260"><subfield code="a">Berlin, Walter De Gruyter &amp; Co., 1958, Xix+212p., 237p</subfield></datafield><datafield ind1=" " ind2=" " tag="852"><subfield code="a">14804</subfield></datafield></record></collection>